@Misc{refugees,
  title = {Pabėgėlių skaičius pagal šalis (Refugee global data)},
  note = {\newline \url{https://www.kaggle.com/unitednations/refugee-data/data}}},

@Misc{abcNews,
  title = {ABC naujienų antraštės (ABC news headlines)},
  note = {\newline \url{https://www.kaggle.com/therohk/million-headlines/data}}}
